@article{ZGJX20240729001,
author = {吴江盛 and 柴兴亮 and 薄其乐 and 刘海波 and 王永青},
title = {基于离散点云构造径向线的螺旋加工轨迹规划方法},
journal = {中国机械工程},
pages = {1-7},
issn = {1004-132X},
}
