@BOOK{mittelbach2004,
    title       = {The  Companion},
    publisher   = {Addison-Wesley},
  author         = {Frank Mittelbach and Michel Goossens},
  series         = {Tools and Techinques for Computer Typesetting},
    address     = {Boston},
  year           = {2004},
  edition       = {Second}
}

@article{hufflen2006names,
	title={Names in $\{$BibTeX$\}$ and $\{$mlBibTeX$\}$},
	author={Hufflen, Jean-Michel},
	journal={TUGB},
	pages={243--253},
	year={2006}
}